@book{rlai,
  added-at = {2019-07-13T10:11:53.000+0200},
  author = {Sutton, Richard S. and Barto, Andrew G.},
  biburl = {https://www.bibsonomy.org/bibtex/2f46601cf8b13d39d1378af0d79438b12/lanteunis},
  edition = {Second},
  interhash = {ac6b144aaec1819919a2fba9f705c852},
  intrahash = {f46601cf8b13d39d1378af0d79438b12},
  keywords = {},
  publisher = {The MIT Press},
  timestamp = {2019-07-13T10:11:53.000+0200},
  title = {Reinforcement Learning: An Introduction},
  url = {http://incompleteideas.net/book/the-book-2nd.html},
  year = {2018}
}

@article{ago,
title	= {Mastering the game of Go with deep neural networks and tree search},
author	= {David Silver and Aja Huang and Christopher J. Maddison and Arthur Guez and Laurent Sifre and George van den Driessche and Julian Schrittwieser and Ioannis Antonoglou and Veda Panneershelvam and Marc Lanctot and Sander Dieleman and Dominik Grewe and John Nham and Nal Kalchbrenner and Ilya Sutskever and Timothy Lillicrap and Madeleine Leach and Koray Kavukcuoglu and Thore Graepel and Demis Hassabis},
year	= {2016},
URL	= {http://www.nature.com/nature/journal/v529/n7587/full/nature16961.html},
journal	= {Nature},
pages	= {484--503},
volume	= {529}
}

@article{azero,
       author = {{Silver}, David and {Hubert}, Thomas and {Schrittwieser}, Julian and
         {Antonoglou}, Ioannis and {Lai}, Matthew and {Guez}, Arthur and
         {Lanctot}, Marc and {Sifre}, Laurent and {Kumaran}, Dharshan and
         {Graepel}, Thore and {Lillicrap}, Timothy and {Simonyan}, Karen and
         {Hassabis}, Demis},
        title = "{Mastering Chess and Shogi by Self-Play with a General Reinforcement Learning Algorithm}",
      journal = {arXiv e-prints},
     keywords = {Computer Science - Artificial Intelligence, Computer Science - Machine Learning},
         year = 2017,
        month = dec,
          eid = {arXiv:1712.01815},
        pages = {arXiv:1712.01815},
archivePrefix = {arXiv},
       eprint = {1712.01815},
 primaryClass = {cs.AI},
       adsurl = {https://ui.adsabs.harvard.edu/abs/2017arXiv171201815S},
      adsnote = {Provided by the SAO/NASA Astrophysics Data System}
}

@misc{wiki:Deep_learning,
   author = "Wikipedia",
   title = "{Deep learning} --- {W}ikipedia{,} The Free Encyclopedia",
   year = "2020",
   howpublished = {\url{http://en.wikipedia.org/w/index.php?title=Deep\%20learning}},
   note = "[Online; accessed 01-May-2020]"
 }

@misc{wiki:AlphaGo,
   author = "Wikipedia",
   title = "{AlphaGo} --- {W}ikipedia{,} The Free Encyclopedia",
   year = "2020",
   howpublished = {\url{http://en.wikipedia.org/w/index.php?title=AlphaGo}},
   note = "[Online; accessed 01-May-2020]"
 }

 @article{atari-dqn,
  added-at = {2019-07-12T20:11:01.000+0200},
  author = {Mnih, Volodymyr and Kavukcuoglu, Koray and Silver, David and Graves, Alex and Antonoglou, Ioannis and Wierstra, Daan and Riedmiller, Martin},
  biburl = {https://www.bibsonomy.org/bibtex/2a00ec4c09f5dc9b3f8a1836f4e02bb5d/lanteunis},
  interhash = {78966703f649bae69a08a6a23a4e8879},
  intrahash = {a00ec4c09f5dc9b3f8a1836f4e02bb5d},
  keywords = {},
  note = {cite arxiv:1312.5602Comment: NIPS Deep Learning Workshop 2013},
  timestamp = {2019-07-12T20:11:01.000+0200},
  title = {Playing Atari with Deep Reinforcement Learning},
  url = {http://arxiv.org/abs/1312.5602},
  year = 2013
}

@article{rainbow-dqn,
       author = {{Hessel}, Matteo and {Modayil}, Joseph and {van Hasselt}, Hado and
         {Schaul}, Tom and {Ostrovski}, Georg and {Dabney}, Will and
         {Horgan}, Dan and {Piot}, Bilal and {Azar}, Mohammad and
         {Silver}, David},
        title = "{Rainbow: Combining Improvements in Deep Reinforcement Learning}",
      journal = {arXiv e-prints},
     keywords = {Computer Science - Artificial Intelligence, Computer Science - Machine Learning},
         year = 2017,
        month = oct,
          eid = {arXiv:1710.02298},
        pages = {arXiv:1710.02298},
archivePrefix = {arXiv},
       eprint = {1710.02298},
 primaryClass = {cs.AI},
       adsurl = {https://ui.adsabs.harvard.edu/abs/2017arXiv171002298H},
      adsnote = {Provided by the SAO/NASA Astrophysics Data System}
}

@misc{openai-dota,
  author = {OpenAI},
  title = {{OpenAI Five}},
  howpublished = {\url{https://blog.openai.com/openai-five/}},
  year = {2018}
}

@misc{wiki:Reinforcement_learning,
   author = "Wikipedia",
   title = "{Reinforcement learning} --- {W}ikipedia{,} The Free Encyclopedia",
   year = "2020",
   howpublished = {\url{http://en.wikipedia.org/w/index.php?title=Reinforcement\%20learning}},
   note = "[Online; accessed 01-May-2020]"
 }

@misc{silver-lectures,
  author       = {David Silver},
  title        = {{UCL Course on Reinforcement Learning}},
  howpublished = {\url{https://www.davidsilver.uk/teaching/}},
  year         = {2015}
}

@article{Watkins1992,
  added-at = {2020-01-01T20:16:30.000+0100},
  author = {Watkins, Christopher J. C. H. and Dayan, Peter},
  biburl = {https://www.bibsonomy.org/bibtex/2416ac9f845c6ccea5a7eacee4dedead8/lanteunis},
  doi = {10.1007/BF00992698},
  issn = {1573-0565},
  journal = {Machine Learning},
  pages = {279--292},
  title = {Q-learning},
  url = {https://doi.org/10.1007/BF00992698},
  year = 1992
}

@misc{long-peak-rl,
  author       = {Lilian Weng},
  title        = {{A (Long) Peak at Reinforcement Learning}},
  howpublished = {\url{https://lilianweng.github.io/lil-log/2018/02/19/a-long-peek-into-reinforcement-learning.html}},
  year         = {2018}
}

@misc{jaromiru-dqn,
  author       = {Jaromír Janisch},
  title        = {{Let’s make a DQN: Theory}},
  howpublished = {\url{https://jaromiru.com/2016/09/27/lets-make-a-dqn-theory/}},
  year         = {2016}
}

@article{ddqn-paper,
       author = {{van Hasselt}, Hado and {Guez}, Arthur and {Silver}, David},
        title = "{Deep Reinforcement Learning with Double Q-learning}",
      journal = {arXiv e-prints},
     keywords = {Computer Science - Machine Learning},
         year = 2015,
        month = sep,
          eid = {arXiv:1509.06461},
        pages = {arXiv:1509.06461},
archivePrefix = {arXiv},
       eprint = {1509.06461},
 primaryClass = {cs.LG},
       adsurl = {https://ui.adsabs.harvard.edu/abs/2015arXiv150906461V},
      adsnote = {Provided by the SAO/NASA Astrophysics Data System}
}

@ARTICLE{per-paper,
       author = {{Schaul}, Tom and {Quan}, John and {Antonoglou}, Ioannis and
         {Silver}, David},
        title = "{Prioritized Experience Replay}",
      journal = {arXiv e-prints},
     keywords = {Computer Science - Machine Learning},
         year = 2015,
        month = nov,
          eid = {arXiv:1511.05952},
        pages = {arXiv:1511.05952},
archivePrefix = {arXiv},
       eprint = {1511.05952},
 primaryClass = {cs.LG},
       adsurl = {https://ui.adsabs.harvard.edu/abs/2015arXiv151105952S},
      adsnote = {Provided by the SAO/NASA Astrophysics Data System}
}



